<?xml version="1.0"?>
<marc:collection xmlns:marc="http://www.loc.gov/MARC21/slim" xmlns:xsi="http://www.w3.org/2001/XMLSchema-instance" xsi:schemaLocation="http://www.loc.gov/MARC21/slim http://www.loc.gov/standards/marcxml/schema/MARC21slim.xsd">
   <marc:record type="Bibliographic">
      <marc:leader>01257cam a22002895  4500</marc:leader>
      <marc:controlfield tag="001">2787577</marc:controlfield>
      <marc:controlfield tag="003">NjP</marc:controlfield>
      <marc:controlfield tag="005">20130325131753.0</marc:controlfield>
      <marc:controlfield tag="008">991119s1956    sy a          000 0 ara d</marc:controlfield>
      <marc:datafield tag="024" ind1="7" ind2=" ">
         <marc:subfield code="a">princeton_aco000136</marc:subfield>
         <marc:subfield code="2">local</marc:subfield>
      </marc:datafield>
      <marc:datafield tag="035" ind1=" " ind2=" ">
         <marc:subfield code="a">(OCoLC)ocn178688124</marc:subfield>
      </marc:datafield>
      <marc:datafield tag="035" ind1=" " ind2=" ">
         <marc:subfield code="a">(OCoLC)ocm42853641</marc:subfield>
      </marc:datafield>
      <marc:datafield tag="040" ind1=" " ind2=" ">
         <marc:subfield code="a">PUL</marc:subfield>
         <marc:subfield code="c">PUL</marc:subfield>
         <marc:subfield code="d">PUL</marc:subfield>
      </marc:datafield>
      <marc:datafield tag="035" ind1=" " ind2=" ">
         <marc:subfield code="a">(OCoLC)178688124</marc:subfield>
      </marc:datafield>
      <marc:datafield tag="035" ind1=" " ind2=" ">
         <marc:subfield code="9">CNJ6587TS</marc:subfield>
      </marc:datafield>
      <marc:datafield tag="035" ind1=" " ind2=" ">
         <marc:subfield code="a">(NjP)2787577</marc:subfield>
      </marc:datafield>
      <marc:datafield tag="079" ind1=" " ind2=" ">
         <marc:subfield code="a">ocm42853641</marc:subfield>
      </marc:datafield>
      <marc:datafield tag="049" ind1=" " ind2=" ">
         <marc:subfield code="a">PULL</marc:subfield>
      </marc:datafield>
      <marc:datafield tag="111" ind1="2" ind2=" ">
         <marc:subfield code="6">880-01</marc:subfield>
         <marc:subfield code="a">Mu&#x2BC;tamar al-Udaba&#x304;&#x2BC; al-&#x2BB;Arab</marc:subfield>
         <marc:subfield code="n">(2d :</marc:subfield>
         <marc:subfield code="d">1956 :</marc:subfield>
         <marc:subfield code="c">Damascus).</marc:subfield>
      </marc:datafield>
      <marc:datafield tag="245" ind1="0" ind2="0">
         <marc:subfield code="6">880-02</marc:subfield>
         <marc:subfield code="a">Mu&#x2BC;tamar al-Udaba&#x2BC; al-&#x2BB;Arab al-Tha&#x304;ni&#x304; al-mun&#x2BB;aqid fi&#x304; Dimashq bayna 20-27 Aylu&#x304;l 1956.</marc:subfield>
         <marc:subfield code="b">Kalima&#x304;t al-iftita&#x304;h&#x323;, al-muh&#x323;a&#x304;d&#x323;ara&#x304;t, al-ta&#x2BB;li&#x304;qa&#x304;t, al-muna&#x304;qasha&#x304;t, al-taws&#x323;i&#x304;ya&#x304;t, al-nida&#x304;&#x2BC;.</marc:subfield>
      </marc:datafield>
      <marc:datafield tag="260" ind1=" " ind2=" ">
         <marc:subfield code="a">Damascus,</marc:subfield>
         <marc:subfield code="c">1956.</marc:subfield>
      </marc:datafield>
      <marc:datafield tag="300" ind1=" " ind2=" ">
         <marc:subfield code="a">165 p.</marc:subfield>
         <marc:subfield code="b">illus.</marc:subfield>
         <marc:subfield code="c">24 cm.</marc:subfield>
      </marc:datafield>
      <marc:datafield tag="546" ind1=" " ind2=" ">
         <marc:subfield code="a">In Arabic.</marc:subfield>
      </marc:datafield>
      <marc:datafield tag="650" ind1=" " ind2="0">
         <marc:subfield code="a">Arabic literature</marc:subfield>
         <marc:subfield code="v">Congresses.</marc:subfield>
      </marc:datafield>
      <marc:datafield tag="880" ind1="2" ind2=" ">
         <marc:subfield code="6">111-01/r</marc:subfield>
         <marc:subfield code="a">&#x645;&#x624;&#x62A;&#x645;&#x631; &#x627;&#x644;&#x627;&#x62F;&#x628;&#x627;&#x621; &#x627;&#x644;&#x639;&#x631;&#x628;</marc:subfield>
         <marc:subfield code="n">(2d :</marc:subfield>
         <marc:subfield code="d">1956 :</marc:subfield>
         <marc:subfield code="c">Damascus).</marc:subfield>
      </marc:datafield>
      <marc:datafield tag="880" ind1="0" ind2="0">
         <marc:subfield code="6">245-02/r</marc:subfield>
         <marc:subfield code="a">&#x645;&#x624;&#x62A;&#x645;&#x631; &#x627;&#x644;&#x627;&#x62F;&#x628;&#x623; &#x627;&#x644;&#x639;&#x631;&#x628; &#x627;&#x644;&#x62B;&#x627;&#x646;&#x64A; &#x627;&#x644;&#x645;&#x646;&#x639;&#x642;&#x62F; &#x641;&#x64A; &#x62F;&#x645;&#x634;&#x642; &#x628;&#x64A;&#x646; 20-27 &#x627;&#x64A;&#x644;&#x648;&#x644; 1956.</marc:subfield>
         <marc:subfield code="b">&#x643;&#x644;&#x645;&#x627;&#x62A; &#x627;&#x644;&#x627;&#x641;&#x62A;&#x62A;&#x627;&#x62D;&#x60C; &#x627;&#x644;&#x645;&#x62D;&#x627;&#x636;&#x631;&#x627;&#x62A;&#x60C; &#x627;&#x644;&#x62A;&#x639;&#x644;&#x64A;&#x642;&#x627;&#x62A;&#x60C; &#x627;&#x644;&#x645;&#x646;&#x627;&#x642;&#x634;&#x627;&#x62A;&#x60C; &#x627;&#x644;&#x62A;&#x648;&#x635;&#x64A;&#x627;&#x62A;&#x60C; &#x627;&#x644;&#x646;&#x62F;&#x627;&#x621;.</marc:subfield>
      </marc:datafield>
      <marc:datafield tag="911" ind1=" " ind2=" ">
         <marc:subfield code="a">20000130</marc:subfield>
      </marc:datafield>
      <marc:datafield tag="994" ind1=" " ind2=" ">
         <marc:subfield code="a">C0</marc:subfield>
         <marc:subfield code="b">PUL</marc:subfield>
      </marc:datafield>
      <marc:datafield tag="999" ind1=" " ind2=" ">
         <marc:subfield code="a">2787577</marc:subfield>
      </marc:datafield>
   </marc:record>
</marc:collection>
